@article{einstein,
    author = "N. Lutska, O. Pupena, A. Shyshak, V. Taberko, D.e Ivaniuk,
M. O. Nikita Zotov, and L. Vlasenko,",
    title = "“Ontological model of
digital twin in manufacturing,” in Open semantic technolo
gies for intelligent systems ",
    journal = "ser. 5, V. Golenkov, Ed. BSUIR,
Minsk,",
    year = "2022",
    pages = " p. 310–335.",
}
@article{einstein,
    author = "V. V. Taberko, D. S. Ivaniuk, D. V. Shunkevich, and O. N.
Pupena, ",
    title = "“Principles for enhancing the development and use
of standards within Industry 4.0,” in Open semantic techno
logies for intelligent systems ,",
    journal = "ser. 4, V. Golenkov, Ed. BSU
IR, Minsk, ",
    year = "2020",
    pages = " p. 167-174",
}
@article{einstein,
    author = "V. A. Golovko, A. A. Kroshchanka, V. V. Golenkov, V.
P. Ivashenko, M. V. Kovalev, V. V. Taberko, and D. S.
Ivaniuk,",
    title = "“Integration of artificial neural networks and
knowledge bases,”",
    year = "2018",
}
@article{einstein,
    author = "S. Gil, G. D. Zapata-Madrigal, and G. L. Giraldo-G´omez,",
    title = "“An ontological model to integrate and assist virtualization
of automation systems for industry 4.0,” Smart and Sustain
able Manufacturing Systems,",
    journal = "svol. 5, p. 10, ",
    year = "09 2021.",
}
@article{einstein,
    author = "V. R. Sampath Kumar, A. Khamis, S. Fiorini, J. L. Carbonera,
A. Olivares Alarcos, M. Habib, P. Goncalves, H. Li, and J. I.
Olszewska",
    title = " “Ontologies for industry 4.0,” The Knowledge En
gineering Review,",
    journal = " vol. 34, p. e17, ",
    year = "2019",
}
@article{einstein,
    author = "V. Golenkov, N. Gulyakina, I. Davydenko, and D. Shunkevich,",
    title = "“Semanticheskie tekhnologii proektirovaniya intellektual’nyh
sistem i semanticheskie associativnye komp’yutery [Semantic
technologies of intelligent systems design and semantic
associative computers],” Open semantic technologies for in-
telligent systems, ",
    pages = "p. 42– 50,",
    year = "2019",
}
@article{einstein,
    title = "“Digital Twins for Industrial Applications, an Industrial
Internet Consortium White Paper” ",
DOI  = "https : //www.iiconsor
tium.org/pdf /IICD igital_T wins_Industrial_Ap
ps_W hite_P aper_2020 − 02 − 18.pdf ",
    year = "2018",
}
@article{einstein,
    author = "M. Sverko, T. G. Grbac, and M. Mikuc, “",
    title = "Scada systems
with focus on continuous manufacturing and steel industry:
A survey on architectures, standards, challenges and industry
5.0,” IEEE Access, ",
    journal = "vol. 1, no. 5,",
   pages = " pp. 25-29",
    year = "2022",
}
@article{einstein,
    author = "P. Serenkov, V. Solomaho, V. Nifagin, and A. Minova,",
    title = "“Koncepcija infrastruktury standartizacii kak bazy znanij
na osnove ontologij [the concept of a standardization
infrastructure as an ontology-based knowledge base],” Novos
ti. Standartizacija i sertifikacija.[News. Standardization and
certification.],",
    journal = "vol. 1, no. 5, ",
    pages = "pp. 25–29, ",
    year = "2004",
}
@article{einstein,
    author = "V. Uglev, ",
    title = "“Aktualizacija soderzhanija standartov proektirovanija
slozhnyh tehnicheskih ob’ektov: ontologicheskij podhod
[updating the content of design standards for complex
technical objects: ontologic approach],” Ontologija proektirovanija.
[Ontology of designing],",
    journal = "vol. 1, no. 1, ",
    pages = "pp. 80–86, ",
    year = "2012",
}
@article{einstein,
    author = "C. Dombayci, J. Farreres, H. Rodr´ıguez, A. Espu˜na, and
M. Graells,",
    title = "“Improving automation standards via semantic
modelling: Application to ISA88,” ISA Transactions,",
    journal = "vol.
67",
    year = "01 2017",
}
@article{einstein,
    author = "M. Vegetti and G. Henning, ",
    title = "“Isa-88 formalization. a step
towards its integration with the isa-95 standard,” in 6th Workshop
on Formal Ontologies me
et Industry, ",
    journal = "vol. 1333, ",
    year = "02 2015",
}
@article{einstein,
    title = "“ISA-88 standard,",
DOI  = " https://www.isa.org/standards-andpublica-
tions/isa-standards/isa-standards-committees/isa88/, (",
    year = "accessed
2022, October).",
}
@article{einstein,
    title = "“ISA-95 standard,",
DOI  = " https://www.isa.org/standards-andpublica-
tions/isa-standards/isa-standards-commi
ttees/isa95/, ",
    year = "accessed
2022, October).",
}
@article{einstein,
    author = "A. A. Uskov and A. V. Kuz’min, ",
    title = "Intellektual’nye tek
hnologii upravleniya. Iskusstvennye nejronnye seti
i nechetkaya logika. Goryachaya liniya - Telekom,",
    year = "2004",
}
@article{einstein,
    author = "D. S. Ivaniuk,",
    title = "“Neuro-pid controller for a pasteurizer,” in
XV International PhD Workshop OWD, ",
    year = "2013",
}
@article{einstein,
    title = "“EasyEPLANner project on GitHub,” Available a",
DOI  = " https://www.isa.org/standards-andpublica-
tions/isa-standards/isa-standards-committees/isa88/,",
    year = "(accessed
Jun).",
}
@article{einstein,
    title = "EasyServer-4.0 project on GitHub,” Available at",
DOI  = " https://github.
com/savushkin-r-d/EasyServer-4.0, ",
    year = "(accessed
2024,Feb).",
}
@article{einstein,
    title = "“s88-ostis project on GitHub,” Available at :",
DOI  = "https://
github.com/ savushkin-r-d/s88-ostis, ",
    year = "(accessed
2024, Feb).",
}
@article{einstein,
    title = "“isa-5.1-ostis project on GitHub,” Available at:",
DOI  = ": https://github.com/
savushkin-r-d/isa-5.1-ostis, ",
    year = "(accessed
2024, Feb).",
}



